<?xml version="1.0" encoding="UTF-8"?><collection xmlns="http://www.loc.gov/MARC21/slim"><record><leader>00577nam--2200181-u-4500</leader><controlfield tag="001">000055601</controlfield><controlfield tag="002">20161230</controlfield><controlfield tag="005">20161230201052</controlfield><controlfield tag="008">130228s1000------------r-----000-0-eng-d</controlfield><datafield ind1=" " ind2=" " tag="040"><subfield code="a">IFIN-HH</subfield></datafield><datafield ind1=" " ind2=" " tag="080"><subfield code="a">030.8:53</subfield></datafield><datafield ind1="1" ind2=" " tag="110"><subfield code="a">Gosudarstvennoe Naucinoe Izdatelstvo</subfield></datafield><datafield ind1="1" ind2="0" tag="245"><subfield code="a">Fiziceskii entiklopediceskii slovari</subfield><subfield code="b">Entiklopedii slovari spravoceniki</subfield></datafield><datafield ind1=" " ind2=" " tag="260"><subfield code="a">Moskva</subfield><subfield code="b">Sovetskaia Entiklopedia</subfield><subfield code="c">1960, 1962, 1963, 1965</subfield></datafield><datafield ind1=" " ind2=" " tag="300"><subfield code="a">4 VOL</subfield></datafield><datafield ind1="1" ind2=" " tag="787"><subfield code="a">Tom Cetvertii. Pince-effekt - Spainosti Mineralov</subfield><subfield code="d">1965</subfield><subfield code="h">592p</subfield></datafield><datafield ind1=" " ind2=" " tag="852"><subfield code="a">D.207</subfield><subfield code="c">SLCH</subfield></datafield><datafield ind1=" " ind2=" " tag="CAT"><subfield code="a">Sys</subfield><subfield code="c">20130228</subfield><subfield code="h">152814</subfield></datafield></record></collection>